@misc{Strafelda.Typografie.2020,
  author = {Jan Štráfelda},
  howpublished = {[online]},
  title = {Typografie},
  year = {25.11.2020},
  note = {[11.04.2023]},
  url = {https://www.strafelda.cz/typografie}
}


@misc{Kalvoda.LatexMath.2021,
  author = {Tomáš Kalvoda},
  howpublished = {[online]},
  title = {Jak psát matematické formule v LaTeXu},
  year = {rev. 05.10.2021},
  note = {[11.04.2023]},
  url = {https://marast.fit.cvut.cz/cs/blog_posts/2}
}


@misc{Svamberg.Tab.2001,
  author = {Michal Švamberg},
  howpublished = {[online]},
  title = {Jak na LaTeX: tabulky II},
  year = {29.8.2001},
  note = {[11.04.2023]},
  url = {https://www.root.cz/clanky/jak-na-latex-tabulky/}
}


@InProceedings{EvansM.B.2004Teos,
author = {Evans, M.B. and McBride, A.A. and Queen, M. and Thayer, A. and Spyridakis, J.H.},
title = {The effect of style and typography on perceptions of document tone},
booktitle = {International Professional Communication Conference, 2004. IPCC 2004. Proceedings},
pages = {300--303},
year = {2004},
OPTaddress = {Piscataway NJ},
publisher = {IEEE},
isbn = {0780384679},
}


@Article{typo.Fassati.vizgram.2004,
author = {Tomáš Fassati},
title = {vizuální gramotnost},
journal = {TYPO},
year = {2003},
volume = {1},
number = {03},
pages = {8\,--\,9},
month = {Máj},
issn = {1214-0716},
}


@Article{typo.Zelenka.fonty.2003,
author = {Pavel Zelenka},
title = {fonty\,--\,olovo dneška},
journal = {TYPO},
year = {2003},
volume = {1},
number = {02},
pages = {8\,--\,9},
month = {Marec},
issn = {1214-0716},
}


@InBook{Rybicka.2003,
author = {Jiří Rybička},
title = {LaTeX pro začátečníky},
chapter = {Úvod},
publisher = {Konvoj},
year = {2003},
address = {Brno},
edition = {3},                                                                                                                                                               
isbn = {80-7302-049-1},
}


@InBook{Mittelbach.Goossens.2004,
author = {Frank Mittelbach and Michel Goossens},
title = {The LaTeX Companion},
chapter = {The Structure of a LaTeX Document},
publisher = {Addison\,--\,Wesley},
year = {2004},
address = {Boston},
edition = {2},
isbn = {0-201-36299-6},
}


@MastersThesis{Lukes.edit.2018,
author = {Lubomír Lukeš},
title = {Úroveň podpory typografie v současných kancelářských editorech},
school = {Univerzita Pardubice. Fakulta elektrotechniky a informatiky},
year = {2018},
type = {Diplomová práce},
address = {Pardubice},
url = {https://dk.upce.cz/bitstream/handle/10195/71874/LukesL_UrovenTypografie_TH_2018.pdf},
}


@MastersThesis{Cerny.prezentace.2011,
author = {Lukáš Černý},
title = {Konverze prezentací mezi platformou LaTeX a Microsoft Power Point},
school = {Vysoké učení technické v Brně. Fakulta informačních technologií},
year = {2011},
type = {Diplomová práce},
address = {Brno},
url = {https://dspace.vutbr.cz/bitstream/handle/11012/54128/final-thesis.pdf},
}