@misc{rfc2131,
    series =    {Request for Comments},
    number =    2131,
    howpublished =  {RFC 2131},
    publisher = {RFC Editor},
    doi =       {10.17487/RFC2131},
    url =       {https://www.rfc-editor.org/info/rfc2131},
    author =    {Ralph Droms},
    title =     {Dynamic Host Configuration Protocol},
    pagetotal = 45,
    year =      {1997},
    note = {[29.10.2023]},
}

@misc{Avocado.Aun.dhcp,
  author = {Aun Avocado},
  howpublished = {[online]},
  title = {DHCP Packet Analysis},
  year = {19.05.2020},
  note = {[29.10.2023]},
  url = {https://avocado89.medium.com/dhcp-packet-analysis-c84827e162f0}
}
