
@misc{UUID.gen,
  author       = {{TransparenTech LLC}},
  howpublished = {[online]},
  title        = {Online UUID Generator},
  url          = {https://www.uuidgenerator.net/},
}

@misc{BLE.guid,
  author       = {Kevin Townsend},
  howpublished = {[online]},
  title        = {Introduction to Bluetooth Low Energy},
  year         = {2014},
  month        = {3},
  note         = {[01.12.2023]},
  url          = {https://learn.adafruit.com/introduction-to-bluetooth-low-energy/},
}

@misc{JS.BLE,
  author       = {Fran√ßois Beaufort},
  howpublished = {[online]},
  title        = {Communicating with Bluetooth devices over JavaScript},
  year         = {2015},
  month        = {7},
  revised      = {[04.04.2023]},
  note         = {[01.12.2023]},
  url          = {https://web.dev/bluetooth/},
}

@misc{esp.idf,
  author = {{Espressif Systems}},
  title = {{esp-idf}},
  howpublished = {[online]},
  note         = {[01.12.2023]},
  url = {https://github.com/espressif/esp-idf/tree/c8243465e45489835d645bf217a6929fd0c01b7f},
}

@misc{esp.guide,
  author = {{Espressif Systems}},
  title = {ESP-IDF Programming Guide},
  howpublished = {[online]},
  note         = {[01.12.2023]},
  url = {https://docs.espressif.com/projects/esp-idf/en/latest/esp32/index.html},
}
